@Book{oppenheim,
  Title                    = {Discrete-time {S}ignal {P}rocessing},
  Author                   = {A. V. Oppenheim and R. W. Schafer and John R. Buck},
  Publisher                = {Prentice-Hall},
  Year                     = {2000},

  Owner                    = {pappu},
  Timestamp                = {2010.01.07}
}

@misc{eer1,
author = {Syris Technology Corporation},
title = {Technical Document About FAR, FRR and EER },
howpublished = {\url{http://ftp.syris.com/SYRIS_ACS_DVD-ROM/UserGuideManual/Reader/SYRDF5-S2MS%20&%20SYRDF6-PMS/About%20FAR_FRR_EER.pdf}},
year = {2004}
}

@article{kenny_JFA,
  title={Joint factor analysis versus eigenchannels in speaker recognition},
  author={Kenny, Patrick and Boulianne, Gilles and Ouellet, Pierre and Dumouchel, Pierre},
  journal={Audio, Speech, and Language Processing, IEEE Transactions on},
  volume={15},
  number={4},
  pages={1435--1447},
  year={2007},
  publisher={IEEE}
}

@article{fusion,
  title={Fusion of spectral feature sets for accurate speaker identification},
  author={Kinnunen, Tomi and Hautam{\"a}ki, Ville and Fr{\"a}nti, Pasi},
  journal={Proc. 9th Int. Conf. Speech and Computer, SPECOM},
  year={2004}
}

@INPROCEEDINGS{complement1, 
author={Padmanabhan, R. and Hegde, R.M. and Murthy, H.A.}, 
booktitle={Signal Processing Conference, 2009 17th European}, 
title={Dynamic selection of magnitude and phase based acoustic feature streams for speaker verification}, 
year={2009}, 
month={Aug}, 
pages={1244-1248}
}

@article{hegdeModgdf, 
author={Hegde, R.M. and Murthy, H.A. and Gadde, V.R.R.}, 
journal={Audio Speech and Language Processing IEEE Transactions on}, 
title={Significance of the Modified Group Delay Feature in Speech Recognition}, 
year={2007}, 
month={Jan}, 
volume={15}, 
number={1}, 
pages={190-202}, 
ISSN={1558-7916}
}

@article{complement2,
  author    = {Rajesh M. Hegde and Hema A. Murthy and Venkata Ramana Rao Gadde},
  title     = {Significance of Joint Features Derived from the Modified Group Delay
               Function in Speech Processing},
  journal   = {EURASIP Journal Audio Speech and Music Processing},
  year      = {2007}
}

@inproceedings{complement3,
author={Md. Jahangir Alam, Patrick Kenny and Themos Stafylakis},
title = {Combining Amplitude and Phase-based Features for Speaker Verification with
Short Duration Utterances },
year = {2015},
booktitle={Interspeech},
month={september}
}


@InCollection{lda,
  title={Linear discriminant analysis},
  author={Izenman, Alan Julian},
  booktitle={Modern Multivariate Statistical Techniques},
  pages={237--280},
  year={2008},
  publisher={Springer}
}

@article{lda_tutorial,
  title={Linear discriminant analysis-a brief tutorial},
  author={Balakrishnama, Suresh and Ganapathiraju, Aravind},
  journal={Institute for Signal and information Processing},
  year={1998}
}

@inproceedings{z_norm_cosine,
  title={Cosine Similarity Scoring without Score Normalization Techniques.},
  author={Dehak, Najim and Dehak, Reda and Glass, James R and Reynolds, Douglas A and Kenny, Patrick},
  booktitle={Odyssey},
  pages={15},
  year={2010}
}


@ARTICLE{euclid, 
author={Davies, David L. and Bouldin, Donald W.}, 
journal={Pattern Analysis and Machine Intelligence, IEEE Transactions on}, 
title={A Cluster Separation Measure}, 
year={1979}, 
month={April}, 
volume={PAMI-1}, 
number={2}, 
pages={224-227}, 
doi={10.1109/TPAMI.1979.4766909}, 
ISSN={0162-8828},}


@inproceedings{garciaRomero,
  author    = {Daniel Garcia Romero and
               Carol Y. Espy Wilson},
  title     = {Analysis of i-vector Length Normalization in Speaker Recognition Systems},
  booktitle = {INTERSPEECH 2011, 12th Annual Conference of the International Speech Communication Association},
  month = {August 27-31},
  pages     = {249-252},
  year      = {2011}
}

@Article{dehak_ivector,
  Title                    = {Front-end factor analysis for speaker verification},
  Author                   = {Dehak, N. and Kenny, P. and Dehak, R. and Dumouchel, P. and Ouellet, P.},
  Journal                  = {IEEE Trans. Audio, Speech Lang. Process.},
  Year                     = {2011},
  Number                   = {4},
  Pages                    = {788--798},
  Volume                   = {19},
  Publisher                = {IEEE}
}


@inproceedings{wccn,
  title={Within-class covariance normalization for SVM-based speaker recognition.},
  author={Hatch, Andrew O and Kajarekar, Sachin S and Stolcke, Andreas},
  booktitle={Interspeech},
  year={2006}
}


@Article{mfcc,
  Title                    = {Comparison of parametric representations for monosyllabic word recognition in continuously spoken sentences},
  Author                   = {Mermelstein, P. and Davis, S. B.},
  Journal                  = {IEEE Trans. Acoust., Speech, Signal Process.},
  Year                     = {1980},
  Pages                    = {357-366},
  Volume                   = {28},

  Owner                    = {pappu},
  Timestamp                = {2010.01.08}
}




@Article{reynoldsAdaptedGMM,
  Title                    = {Speaker verification using adapted {G}aussian mixture models},
  Author                   = {Douglas A. Reynolds and Thomas F. Quatieri and Robert B. Dunn},
  Journal                  = {Digital Signal Process.},
  Year                     = {2000},
  Pages                    = {19--41},
  Volume                   = {10},

  Owner                    = {pappu},
  Timestamp                = {2010.01.04}
}

@Article{sammon,
  Title                    = {A nonlinear mapping for data structure analysis},
  Author                   = {{J}. {W}. Sammon},
  Journal                  = {IEEE Trans. Comput.},
  Year                     = {1969},
  Pages                    = {401-409},
  Volume                   = {18},
  Owner                    = {pappu},
  Timestamp                = {2010.02.16}
}

@Article{sammon1,
  Title					= {Sammon Mapping},
  Author					= {Paul Henderson},
  Journal				= {Pattern Recognition Letters},
  Volume					= {18},
  Number					= {11-13},
  Pages					= {1307-1316},
  Year					= {1997}
}

@inproceedings{scoreFusion, 
author={Rastoceanu, F. and Lazar, M.}, 
booktitle={Speech Technology and Human-Computer Dialogue (SpeD), 2011 6th Conference on}, 
title={Score fusion methods for text-independent speaker verification applications}, 
year={2011}, 
month={May}, 
pages={1-6}, 
doi={10.1109/SPED.2011.5940740}
}

@INPROCEEDINGS{scoreFusion1, 
author={Hasan, T. and Sadjadi, S.O. and Gang Liu and Shokouhi, N. and Boril, H. and Hansen, J.H.L.}, 
booktitle={Acoustics, Speech and Signal Processing (ICASSP), 2013 IEEE International Conference on}, 
title={CRSS systems for 2012 NIST Speaker Recognition Evaluation}, 
year={2013}, 
month={May}, 
pages={6783-6787}, 
ISSN={1520-6149}
}

@InProceedings{padmanInterspeech2010,
  Title                    = {Acoustic feature diversity and speaker verification},
  Author                   = {Rajan, Padmanabhan and Murthy, Hema A.},
  Booktitle                = {Proc. Interspeech},
  Year                     = {2010},

  Address                  = {Mukahari, Japan},

  Owner                    = {pappu},
  Timestamp                = {2010.07.06}
}

@inproceedings{asha,
  author    = {Asha, T. and Saranya, M. S. and Karthik Pandia, D. S. and Srikanth R. Madikeri and Hema A. Murthy},
  title     = {Feature Switching in the i-vector framework for speaker verification},
  booktitle = {{INTERSPEECH} 2014, 15th Annual Conference of the International Speech
               Communication Association, Singapore, September 14-18, 2014},
  pages     = {1125--1129},
  year      = {2014},
  timestamp = {Wed, 18 Feb 2015 08:38:47 +0100},
}

@InProceedings{garcia_lengthNorm,
  Title                    = {Analysis of i-vector length normalization in speaker recognition systems},
  Author                   = {Garcia-Romero, D. and Espy-Wilson, C.Y.},
  Booktitle                = {Proc. Interspeech},
  Year                     = {2011},
  Pages                    = {249--252}
}

@inproceedings{vadenergy,
  added-at = {2011-03-13T00:00:00.000+0100},
  author = {Evangelopoulos, Georgios and Maragos, Petros},
  booktitle = {INTERSPEECH},
  interhash = {52d7a78389791f358d7a63d1a8d3f067},
  intrahash = {b62cfb74e68ee4808090a0981ff6b660},
  pages = {685-688},
  publisher = {ISCA},
  timestamp = {2011-04-29T15:47:26.000+0200},
  title = {Speech event detection using multiband modulation energy.},
  year = {2005}
}

@inproceedings{vadhari,
    author = {Sree Hari and Krishnan P R. Padmanabhan and Hema A Murthy},
    title = {Voice Activity Detection using Group Delay Processing on Buffered Short-term Energy},
    booktitle = {National Conference on Communication},
    year = {2007}
}

@inproceedings{vadzc,
  author    = {Bojan Kotnik and
               Zdravko Kacic and
               Bogomir Horvat},
  title     = {A computational efficient real time noise robust speech recognition
               based on improved spectral subtraction method},
  booktitle = {{EUROSPEECH} 2001 Scandinavia, 7th European Conference on Speech Communication
               and Technology, 2nd {INTERSPEECH} Event, Aalborg, Denmark, September
               3-7, 2001},
  pages     = {1123--1126},
  year      = {2001},
   timestamp = {Wed, 09 Mar 2011 13:43:07 +0100}
}

@article{vadtucker,
  title={Voice activity detection using a periodicity measure},
  author={Tucker, R},
  journal={IEE Proceedings I (Communications, Speech and Vision)},
  volume={139},
  number={4},
  pages={377--380},
  year={1992},
  publisher={IET}
}

@article{mel, 
author={Davis, S. and Mermelstein, P.}, 
journal={Acoustics, Speech and Signal Processing, IEEE Transactions on}, 
title={Comparison of parametric representations for monosyllabic word recognition in continuously spoken sentences}, 
year={1980}, 
month={Aug}, 
volume={28}, 
number={4}, 
pages={357-366}, 
doi={10.1109/TASSP.1980.1163420}, 
ISSN={0096-3518}
}

@MISC{vocalEffort,
    author = {Elizabeth Shriberg and Martin Graciarena and Harry Bratt and Andreas Kathol and Sachin Kajarekar and Huda Jameel and Colleen Richey and Fred Goodman},
    title = {Effects of Vocal Effort and Speaking Style on Text-Independent Speaker Verification},
    year = {}
}

@INPROCEEDINGS{group_delay, 
author={Banno, Hideki and Jinlin Lu and Nakamura, S. and Shikano, K. and Kawahara, H.}, 
booktitle={Acoustics, Speech and Signal Processing, 1998. Proceedings of the 1998 IEEE International Conference on}, 
title={Efficient representation of short-time phase based on group delay}, 
year={1998}, 
month={May}, 
volume={2}, 
pages={861-864 vol.2}, 
doi={10.1109/ICASSP.1998.675401}, 
ISSN={1520-6149}
}

@inproceedings{modgd_feat,
  author    = {Hema A. Murthy and
               Rajesh Mahanand Hegde and
               Venkata Ramana Rao Gadde},
  title     = {The modified group delay feature: a new spectral representation of
               speech},
  booktitle = {{INTERSPEECH} 2004 - ICSLP, 8th International Conference on Spoken
               Language Processing, Jeju Island, Korea, October 4-8, 2004},
  year      = {2004}
  }

@INPROCEEDINGS{modgd_func, 
author={Murthy, H.A. and Gadde, V.}, 
booktitle={Acoustics, Speech, and Signal Processing, 2003. Proceedings. (ICASSP '03). 2003 IEEE International Conference on}, 
title={The modified group delay function and its application to phoneme recognition}, 
year={2003}, 
month={April}, 
volume={1}, 
pages={I-68-71 vol.1}
}
@article{shi, 
author={Guangji Shi and Shanechi, M.M. and Aarabi, P.}, 
journal={Audio, Speech, and Language Processing, IEEE Transactions on}, 
title={On the importance of phase in human speech recognition}, 
year={2006}, 
month={Sept}, 
volume={14}, 
number={5}, 
pages={1867-1874}, 
doi={10.1109/TSA.2005.858512}, 
ISSN={1558-7916}
}

@article{hema_gds,
year={2011},
issn={0256-2499},
journal={Sadhana},
volume={36},
number={5},
doi={10.1007/s12046-011-0045-1},
title={Group delay functions and its applications in speech technology},
publisher={Springer-Verlag},
author={MURTHY, HEMAA and YEGNANARAYANA, B},
pages={745-782}
}

@misc{sre2008,
  title = {The NIST Year 2008 Speaker Recognition Evaluation Plan},
  howpublished = {\url{http://www.itl.nist.gov/iad/mig/tests/sre/2008/}},
month = {November 2008},
year = {cited on June 2015}
}

@misc{nist2010SRE,
  Title                    = {The {NIST} Year 2010 Speaker Recognition Evaluation Plan},
  Note                     = {\url{http://www.itl.nist.gov/iad/mig/tests/sre/2010/}},
  Year                     = {2010}
}

@misc{sre2010,
author = {NIST, Information Technology Laboratory},
title = {The NIST Year 2010 Speaker Recognition Evaluation Plan},
howpublished = {\url{http://www.itl.nist.gov/iad/mig/tests/sre/2010/}},
month = {April},
year = {2010}
}

@INPROCEEDINGS{tnorm, 
author={Barras, C. and Gauvain, J.}, 
booktitle={Acoustics, Speech, and Signal Processing, 2003. Proceedings. (ICASSP '03). 2003 IEEE International Conference on}, 
title={Feature and score normalization for speaker verification of cellular data}, 
year={2003}, 
month={April}, 
volume={2}, 
pages={II-49-52 vol.2}, 
doi={10.1109/ICASSP.2003.1202291}, 
ISSN={1520-6149}
}
