@article{Murthy1991259,
title = {Speech processing using group delay functions },
journal = {Signal Processing },
volume = {Vol. 22},
number = {3},
pages = {259 - 267},
year = {1991},
issn = {0165-1684},
author = {Hema A. Murthy and B. Yegnanarayana}
}

@article{Bozkurt2007159,
title = {Chirp group delay analysis of speech signals },
journal = {Speech Communication },
volume = {Vol. 49},
number = {3},
pages = {159 - 176},
year = {2007},
issn = {0167-6393},
author = {Baris Bozkurt and Laurent Couvreur and Thierry Dutoit}
}

@article{Narendranath1995207,
title = {Transformation of formants for voice conversion using artificial neural networks },
journal = {Speech Communication },
volume = {Vol. 16},
number = {2},
pages = {207 - 216},
year = {1995},
note = {Voice Conversion: State of the Art and Perspectives },
issn = {0167-6393},
author = {M. Narendranath and Hema A. Murthy and S. Rajendran and B. Yegnanarayana}
}

@article{Murthy1991209,
title = {Formant extraction from group delay function },
journal = {Speech Communication },
volume = {Vol. 10},
number = {3},
pages = {209 - 221},
year = {1991},
issn = {0167-6393},
author = {Hema A. Murthy and B. Yegnanarayana}
}

@Book{oppenheim,
  Title  = {Discrete-time {S}ignal {P}rocessing},
  Author = {A. V. Oppenheim and R. W. Schafer and John R. Buck},
  Publisher  = {Prentice-Hall},
  Year = {2000},
  Owner  = {pappu},
  Timestamp  = {2010.01.07}
}

@misc{eer1,
author = {Syris Technology Corporation},
title = {Technical Document About {FAR}, {FRR} and {EER} },
howpublished = {\url{http://ftp.syris.com/SYRIS_ACS_DVD-ROM/UserGuideManual/Reader/SYRDF5-S2MS%20&%20SYRDF6-PMS/About%20FAR_FRR_EER.pdf}},
year = {2004}
}

@article{kenny_JFA,
  title={Joint factor analysis versus eigenchannels in speaker recognition},
  author={Kenny, Patrick and Boulianne, Gilles and Ouellet, Pierre and Dumouchel, Pierre},
  journal={IEEE Transaction on Audio, Speech, and Language Processing,},
  volume={Vol. 15},
  number={4},
  pages={1435-1447},
  year={2007},
  publisher={IEEE}
}

@article{fusion,
  title={Fusion of spectral feature sets for accurate speaker identification},
  author={Kinnunen, Tomi and Hautam{\"a}ki, Ville and Fr{\"a}nti, Pasi},
  journal={9th International Conference on Speech and Computer (SPECOM),2004},
 month={September 20-22},  
  year={2004}
}

@INPROCEEDINGS{complement1, 
author={R. Padmanabhan and Rajesh M Hegde and Hema A. Murthy}, 
booktitle={17th European Signal Processing Conference (EUSIPCO) }, 
title={Dynamic selection of magnitude and phase based acoustic feature streams for speaker verification}, 
year={2009}, 
month={Aug}, 
pages={1244-1248}
}

@article{complement2,
    author = {Rajesh M Hegde and Hema A. Murthy and Gadde, V.R.R},
    journal = {EURASIP Journal of Applied Signal Processing (2007)},
    title = {{Significance of Joint Features Derived from The Modified Group Delay Function in Speech Processing}},
    year = 2007
}

@inproceedings{complement3,
author={Md. Jahangir Alam and Patrick Kenny and Themos Stafylakis},
title = {Combining Amplitude and Phase-based Features for Speaker Verification with
Short Duration Utterances},
year = {2015},
booktitle={16th Annual Conference of the International Speech
 Communication Association (INTERSPEECH)},
month={september}
}

@InCollection{lda,
  title={Linear discriminant analysis},
  author={Izenman and Alan Julian},
  booktitle={Modern Multivariate Statistical Techniques},
  pages={237-280},
  year={2008},
  publisher={Springer}
}

@misc{lda_tutorial,
  author = {Balakrishnama, Ganapathiraju},
  institution = {Institute for Signal and Information Processing},
  keywords = {lda},
  posted-at = {2010-05-31 00:26:23},
  priority = {2},
  title = {Linear Discriminant Analysis - A brief Tutorial},
  year = {1998}
}

@misc{z_norm_cosine,
  title={Cosine Similarity Scoring without Score Normalization Techniques},
  author={Dehak, Najim and Dehak, Reda and Glass, James R and Reynolds, Douglas A and Kenny}, 
  booktitle	= {Odyssey The Speaker and Language Recognition},
  year		= {2010},
  place	= {Brno, Czech Republic}
}


@ARTICLE{euclid, 
author={Davies, David L. and Bouldin, Donald W.}, 
journal={IEEE Transactions on Pattern Analysis and Machine Intelligence,}, 
title={A Cluster Separation Measure}, 
year={1979}, 
month={April}, 
volume={Vol. PAMI-1}, 
number={2}, 
pages={224-227}, 
ISSN={0162-8828}
}


@inproceedings{garciaRomero,
  author  = {Daniel Garcia Romero and Carol Y. Espy Wilson},
  title = {Analysis of i-vector Length Normalization in Speaker Recognition Systems},
  booktitle = {12th Annual Conference of the International Speech Communication Association (INTERSPEECH)},
  month = {August 27-31},
  pages = {249-252},
  year  = {2011}
}

@Article{dehak_ivector,
  Title  = {Front-end factor analysis for speaker verification},
  Author = {Dehak, N. and Kenny, P. and Dehak, R. and Dumouchel, P. and Ouellet, P.},
  Journal  = {IEEE Transaction on Audio, Speech and Language Processing,},
  Year = {2011},
  Number = {4},
  Pages  = {788-798},
  Volume = {Vol. 19},
  Publisher  = {IEEE}
}


@inproceedings{wccn,
  title={Within-class covariance normalization for SVM-based speaker recognition},
  author={Hatch, Andrew O and Kajarekar, Sachin S and Stolcke, Andreas},
  booktitle={7th Annual Conference of the International Speech Communication Association (INTERSPEECH)},
  year={2006}
}

@article{mfcc,
  author = {Davis, S. and Mermelstein, P.},
  journal = {IEEE Transactions on Acoustics, Speech and Signal Processing,},
  month = {august},
  number = {4},
  pages = {357-366},
  posted-at = {2009-10-20 22:22:38},
  priority = {2},
  title = {{Comparison of parametric representations for monosyllabic word recognition in continuously spoken sentences}},
  volume = {Vol. 28},
  year = {1980}
}

@article{hegdeModgdf, 
author={Rajesh M Hegde and  Hema A. Murthy and  Gadde, V.R.R}, 
journal={ IEEE Transactions on Audio Speech and Language Processing,}, 
title={Significance of the Modified Group Delay Feature in Speech Recognition}, 
year={2007}, 
month={Jan}, 
volume={Vol. 15}, 
number={1}, 
pages={190-202}, 
ISSN={1558-7916}
}

@Article{reynoldsAdaptedGMM,
  Title  = {Speaker verification using adapted {G}aussian mixture models},
  Author = {Douglas A. Reynolds and Thomas F. Quatieri and Robert B. Dunn},
  Journal  = {Digital Signal Processing},
  Year = {2000},
  Pages  = {19-41},
  Volume = {Vol. 10},
  Owner  = {pappu},
  Timestamp  = {2010.01.04}
}

@Article{sammon,
  Title  = {A nonlinear mapping for data structure analysis},
  Author = {{J}. {W}. Sammon},
  Journal  = {IEEE Transaction on Computers,},
  Year = {1969},
  Pages  = {401-409},
  Volume = {Vol. 18},
  Number 					={5},
  Owner  = {pappu},
  Timestamp  = {2010.02.16}
}

@Article{sammon1,
  Title					= {Sammon Mapping},
  Author					= {Paul Henderson},
  Journal				= {Pattern Recognition Letters},
  Volume					= {Vol. 18},
  Number					= {11-13},
  Pages					= {1307-1316},
  Year					= {1997}
}

@inproceedings{scoreFusion, 
author={Rastoceanu, F. and Lazar, M.}, 
booktitle={Speech Technology and Human-Computer Dialogue (SpeD), 2011 6th Conference on}, 
title={Score fusion methods for text-independent speaker verification applications}, 
year={2011}, 
month={May}, 
pages={1-6}
}

@INPROCEEDINGS{scoreFusion1, 
author={Hasan, T. and Sadjadi, S.O. and Gang Liu and Shokouhi, N. and Boril, H. and Hansen, J.H.L.}, 
booktitle={IEEE International Conference on Acoustics, Speech and Signal Processing (ICASSP)}, 
title={CRSS systems for 2012 NIST Speaker Recognition Evaluation}, 
year={2013}, 
month={May}, 
pages={6783-6787}, 
ISSN={1520-6149}
}

@InProceedings{padmanInterspeech2010,
  Title  = {Acoustic feature diversity and speaker verification},
  Author = {R. Padmanabhan and Hema A. Murthy},
  Booktitle  = {11th Annual Conference of the International Speech
 Communication Association (INTERSPEECH)},
  Year = {2010},
  Address  = {Mukahari, Japan},
  pages = {2110-2113},
  publisher = {ISCA}
}

@inproceedings{asha,
  author  = {Asha, T. and Saranya, M. S. and Karthik Pandia, D. S. and Srikanth R Madikeri and Hema A. Murthy},
  title = {Feature Switching in the i-vector framework for speaker verification},
  booktitle = {15th Annual Conference of the International Speech
 Communication Association (INTERSPEECH)}, 
  place = {Singapore}, 
  month = {14-18, September},
  pages = {1125-1129},
  year  = {2014}
}

@InProceedings{garcia_lengthNorm,
  Title  = {Analysis of i-vector length normalization in speaker recognition systems},
  Author = {Garcia-Romero, D. and Espy-Wilson, C.Y.},
  Booktitle  = {12th Annual Conference of the International Speech Communication Association (INTERSPEECH)},
  Year = {2011},
  Pages  = {249-252}
}

@inproceedings{vadenergy,
  author = {Evangelopoulos, Georgios and Maragos, Petros},
  booktitle = {6th Annual Conference of the International Speech
 Communication Association (INTERSPEECH)},
  pages = {685-688},
  publisher = {ISCA},
  title = {Speech event detection using multiband modulation energy},
  year = {2005}
}

@inproceedings{vadhari,
  author = {Sree Hari and P. Krishnan and R. Padmanabhan and Hema A. Murthy},
  title = {Voice Activity Detection using Group Delay Processing on Buffered Short-term Energy},
  booktitle = {National Conference on Communication},
  year = {2007}
}

@inproceedings{vadzc,
  author  = {Bojan Kotnik and Zdravko Kacic and Bogomir Horvat},
  title = {A computational efficient real time noise robust speech recognition based on improved spectral subtraction method},
  booktitle = {7th European Conference on Speech Communication and Technology (EUROSPEECH), Scandinavia , and 2nd Annual Conference of the International Speech Communication Association (INTERSPEECH), Aalborg, Denmark},
  year  = {2001},
}

@article{vadtucker,
  title={Voice activity detection using a periodicity measure},
  author={Tucker, R},
  journal={IEEE Proceedings on Communications, Speech and Vision},
  volume={Vol. 139},
  number={4},
  pages={377-380},
  year={1992},
  publisher={IET}
}

@article{mel, 
author={Davis, S. and Mermelstein, P.}, 
journal={IEEE Transactions on Acoustics, Speech and Signal Processing,}, 
title={Comparison of parametric representations for monosyllabic word recognition in continuously spoken sentences}, 
year={1980}, 
month={Aug}, 
volume={Vol. 28}, 
number={4}, 
pages={357-366}, 
ISSN={0096-3518}
}

@MISC{vocalEffort,
  author = {Elizabeth Shriberg and Martin Graciarena and Harry Bratt and Andreas Kathol and Sachin Kajarekar and Huda Jameel and Colleen Richey and Fred Goodman},
  title = {Effects of Vocal Effort and Speaking Style on Text-Independent Speaker Verification},
  year = {}
}

@INPROCEEDINGS{group_delay, 
author={Banno, Hideki and Jinlin Lu and Nakamura, S. and Shikano, K. and Kawahara, H.}, 
booktitle={IEEE International Conference on Acoustics, Speech and Signal Processing (ICASSP)}, 
title={Efficient representation of short-time phase based on group delay}, 
year={1998}, 
month={May}, 
volume={2}, 
pages={861-864}, 
ISSN={1520-6149}
}

@inproceedings{modgd_feat,
  author  = {Rajesh M Hegde and Hema A. Murthy and Gadde, V.R.R},
  title = {The modified group delay feature: a new spectral representation of speech},
  booktitle = {International Conference on Spoken Language Processing},
  place = {Jeju Island, Korea},
  month = {October 4-8},
  year  = {2004}
  }

@INPROCEEDINGS{modgd_func, 
author={Hema A. Murthy and Gadde, V.R.R}, 
booktitle={IEEE International Conference on Acoustics, Speech, and Signal Processing (ICASSP)}, 
title={The modified group delay function and its application to phoneme recognition}, 
year={2003}, 
month={April}, 
volume={1}, 
pages={68-71}
}

@article{shi, 
author={Guangji Shi and Shanechi, M.M. and Aarabi, P.}, 
journal={IEEE Transactions on Audio, Speech, and Language Processing,}, 
title={On the importance of phase in human speech recognition}, 
year={2006}, 
month={Sept}, 
volume={Vol. 14}, 
number={5}, 
pages={1867-1874}, 
ISSN={1558-7916}
}

@article{hema_gds,
year={2011},
issn={0256-2499},
journal={Sadhana},
volume={Vol. 36},
number={5},
title={Group delay functions and its applications in speech technology},
publisher={Springer-Verlag},
author={Hema A. Murthy, and B. Yegnanarayana},
pages={745-782}
}

@misc{sre2008,
  title = {The NIST Year 2008 Speaker Recognition Evaluation Plan},
  howpublished = {\url{http://www.itl.nist.gov/iad/mig/tests/sre/2008/}},
month = {November 2008},
year = {cited on June 2015}
}

@misc{nist2010SRE,
  Title  = {The {NIST} Year 2010 Speaker Recognition Evaluation Plan},
  Note = {\url{http://www.itl.nist.gov/iad/mig/tests/sre/2010/}},
  Year = {2010}
}

@misc{sre2010,
author = {NIST, Information Technology Laboratory},
title = {The NIST Year 2010 Speaker Recognition Evaluation Plan},
howpublished = {\url{http://www.itl.nist.gov/iad/mig/tests/sre/2010/}},
month = {April},
year = {2010}
}

@INPROCEEDINGS{tnorm, 
author={Barras, C. and Gauvain, J.}, 
booktitle={IEEE International Conference on Acoustics, Speech, and Signal Processing (ICASSP)},
title={Feature and score normalization for speaker verification of cellular data}, 
year={2003}, 
month={April}, 
volume={2}, 
pages={49-52}, 
ISSN={1520-6149}
}


